@book{paiva2005,
  author    = {José Pedro Sucena Paiva},
  title     = {Redes de Energia Eléctrica: uma Análise Sistémica},
  year      = {2005},
  publisher = {IST Press}
}

@book{faria2008,
  author    = {J. A. Brandão Faria},
  title     = {Electromagnetic Foundations of Electrical Engineering},
  year      = {2008},
  publisher = {Wiley}
}

@book{castro2013,
  author    = {Rui Castro and Eduarda Pedro},
  title     = {Exercícios de Redes e Sistemas de Energia Elétrica},
  year      = {2013},
  publisher = {IST Press}
}

@book{elgerd1982,
  author    = {Olle I. Elgerd},
  title     = {Electric Energy Systems Theory: an Introduction},
  year      = {1982},
  publisher = {McGraw-Hill}
}

@book{grainger1994,
  author    = {John J. Grainger and William D. Stevenson},
  title     = {Power System Analysis},
  year      = {1994},
  publisher = {McGraw-Hill}
}